@article{von1944games,
  title={Games and economic behavior},
  author={Von Neumann, John and Morgenstern, Oskar},
  journal={Princeton, N.J.},
  year={1944}
}
@book{resnik1987choices,
  title={Choices: An introduction to decision theory},
  author={Resnik, Michael D.},
  year={1987},
  publisher={U of Minnesota Press}
}
@book{pascal1852pensees,
  title={Pens{\'e}es},
  author={Pascal, Blaise and Havet, Ernest},
  year={1852},
  publisher={Dezobry et E. Magdeleine}
}
@article{bostrom2009pascal,
  title={Pascal's mugging},
  author={Bostrom, Nick},
  journal={Analysis},
  pages={443–445},
  year={2009},
  publisher={Oxford University Press}
}
@book{diderot1746pensees,
  title={Pens{\'e}es philosophiques},
  author={Diderot, Denis and de Bottens, Geo Polier},
  year={1746},
  publisher={Librairie philosophique}
}
@article{hacking1980strange,
  title={Strange expectations},
  author={Hacking, Ian},
  journal={Philosophy of Science},
  pages={562--567},
  year={1980},
  publisher={JSTOR}
}
@article{bernoulli1954exposition,
  title={Exposition of a new theory on the measurement of risk},
  author={Bernoulli, Daniel},
  journal={Econometrica: Journal of the Econometric Society},
  pages={23--36},
  year={1954},
  publisher={JSTOR}
}
@article{mcclennen1994pascal,
  title={Pascal's wager and finite decision theory},
  author={McClennen, Edward F},
  journal={Gambling on God: Essays on Pascal’s Wager},
  pages={115--37},
  year={1994}
}
@book{mackie1990miracle,
  title={Miracle of Theism},
  author={Mackie, John L and MacKie, JL},
  year={1990},
  publisher={Oxford University Press}
}
@article{smith2014evaluative,
  title={Is Evaluative Compositionality a Requirement of Rationality?},
  author={Smith, Nicholas JJ},
  journal={Mind},
  volume={123},
  number={490},
  pages={457--502},
  year={2014},
  publisher={Mind Assoc}
}