@article{von1944games,
  title={Games and economic behavior},
  author={Von Neumann, John and Morgenstern, Oskar},
  journal={Princeton, N.J.},
  year={1944}
}
@book{resnik1987choices,
  title={Choices: An introduction to decision theory},
  author={Resnik, Michael D.},
  year={1987},
  publisher={U of Minnesota Press}
}
@book{pascal1852pensees,
  title={Pens{\'e}es},
  author={Pascal, Blaise and Havet, Ernest},
  year={1852},
  publisher={Dezobry et E. Magdeleine}
}
@article{bostrom2009pascal,
  title={Pascal's mugging},
  author={Bostrom, Nick},
  journal={Analysis},
  pages={443--445},
  year={2009},
  publisher={Oxford University Press}
}
@book{diderot1746pensees,
  title={Pens{\'e}es philosophiques},
  author={Diderot, Denis and de Bottens, Geo Polier},
  year={1746},
  publisher={Librairie philosophique}
}
@article{hacking1980strange,
  title={Strange expectations},
  author={Hacking, Ian},
  journal={Philosophy of Science},
  pages={562--567},
  year={1980},
  publisher={JSTOR}
}
@article{bernoulli1954exposition,
  title={Exposition of a new theory on the measurement of risk (reprint)},
  author={Bernoulli, Daniel},
  journal={Commentaries of the Imperial Academy of Science of Saint Petersburg, reprinted in Econometrica: Journal of the Econometric Society},
  pages={23--36},
  year={1738, reprinted 1954},
  publisher={JSTOR}
}
@article{mcclennen1994pascal,
  title={Pascal's wager and finite decision theory},
  author={McClennen, Edward F},
  journal={Gambling on God: Essays on Pascal’s Wager},
  pages={115--37},
  year={1994}
}
@book{mackie1990miracle,
  title={Miracle of Theism},
  author={Mackie, John L},
  year={1990},
  publisher={Oxford University Press}
}
@article{smith2014evaluative,
  title={Is Evaluative Compositionality a Requirement of Rationality?},
  author={Smith, Nicholas JJ},
  journal={Mind},
  volume={123},
  number={490},
  pages={457--502},
  year={2014},
  publisher={Mind Assoc}
}
@inproceedings{omohundro2008basic,
  title={The basic AI drives},
  author={Omohundro, Stephen M},
  booktitle={AGI},
  volume={171},
  pages={483--492},
  year={2008}
}
@article{bostrom2012will,
  title={The superintelligent will: Motivation and instrumental rationality in advanced artificial agents},
  author={Bostrom, Nick},
  journal={Minds and Machines},
  volume={22},
  number={2},
  pages={71--85},
  year={2012},
  publisher={Springer}
}
@misc{1_yudkowsky_2012,
 author={Yudkowsky, Eliezer},
 title={Singularity},
 url={http://www.yudkowsky.net/singularity},
 urldate={2016--7--2},
 journal={Yudkowsky.net},
 year={2012}
}
@article{mackie1985miracle,
  title={The miracle of theism},
  author={Mackie, John Leslie and Plantinga, Alvin and Wolterstorff, Nicholas and Kenny, Anthony and Penelhum, Terence},
  year={1985}
}
@article{easwaran2009dominance,
  title={Dominance-based decision theory},
  author={Easwaran, Kenny},
  journal={Unpublished manuscript. Retrieved from http://www. ocf. berkeley. edu/\~{} easwaran/papers/dec ision. pdf},
  year={2009}
}
@article{colyvan2008relative,
  title={Relative expectation theory},
  author={Colyvan, Mark},
  journal={The Journal of Philosophy},
  volume={105},
  number={1},
  pages={37--44},
  year={2008},
  publisher={JSTOR}
}
@article{colyvan2006no,
  title={No expectations},
  author={Colyvan, Mark},
  journal={Mind},
  volume={115},
  number={459},
  pages={695--702},
  year={2006},
  publisher={Mind Assoc}
}
@article{nover2004vexing,
  title={Vexing expectations},
  author={Nover, Harris and H{\'a}jek, Alan},
  journal={Mind},
  volume={113},
  number={450},
  pages={237--249},
  year={2004},
  publisher={Mind Assoc}
}
@article{bassett1987st,
  title={The St. Petersburg paradox and bounded utility},
  author={Bassett Jr, Gilbert W and others},
  journal={History of Political Economy},
  volume={19},
  number={4},
  pages={517--523},
  year={1987},
  publisher={Duke University Press}
}
@article{samuelson1977st,
  title={St. Petersburg paradoxes: Defanged, dissected, and historically described},
  author={Samuelson, Paul A},
  journal={Journal of Economic Literature},
  volume={15},
  number={1},
  pages={24--55},
  year={1977},
  publisher={JSTOR}
}
@article{menger1934petersburg,
  title={Das Unsicherheitsmoment in der Wertlehr},
  author={Menger, Karl},
  journal={Zeitschrift für Nationalökonomie},
  volume={51},
  pages={459--485},
  year={1934}
}
@article{brito1975becker,
  title={Becker's theory of the allocation of time and the St. Petersburg paradox},
  author={Brito, Dagobert L},
  journal={Journal of Economic Theory},
  volume={10},
  number={1},
  pages={123--126},
  year={1975},
  publisher={Elsevier}
}
@article{cowen1988time,
  title={Time, bounded utility, and the St. Petersburg paradox},
  author={Cowen, Tyler and High, Jack},
  journal={Theory and Decision},
  volume={25},
  number={3},
  pages={219--223},
  year={1988},
  publisher={Springer}
}
@article{arrow1951alternative,
  title={Alternative approaches to the theory of choice in risk-taking situations},
  author={Arrow, Kenneth J},
  journal={Econometrica: Journal of the Econometric Society},
  pages={404--437},
  year={1951},
  publisher={JSTOR}
}
@article{hajek2012rationality,
  title={Rationality and indeterminate probabilities},
  author={H{\'a}jek, Alan and Smithson, Michael},
  journal={Synthese},
  volume={187},
  number={1},
  pages={33--48},
  year={2012},
  publisher={Springer}
}
@incollection{tversky1975judgment,
  title={Judgment under uncertainty: Heuristics and biases},
  author={Tversky, Amos and Kahneman, Daniel},
  booktitle={Utility, probability, and human decision making},
  pages={141--162},
  year={1975},
  publisher={Springer}
}
@book{jaynes2003probability,
  title={Probability theory: The logic of science},
  author={Jaynes, Edwin T},
  year={2003},
  publisher={Cambridge university press}
}
@article{perala2007lifetime,
  title={Lifetime prevalence of psychotic and bipolar I disorders in a general population},
  author={Per{\"a}l{\"a}, Jonna and Suvisaari, Jaana and Saarni, Samuli I and Kuoppasalmi, Kimmo and Isomets{\"a}, Erkki and Pirkola, Sami and Partonen, Timo and Tuulio-Henriksson, Annamari and Hintikka, Jukka and Kiesepp{\"a}, Tuula and others},
  journal={Archives of general psychiatry},
  volume={64},
  number={1},
  pages={19--28},
  year={2007},
  publisher={American Medical Association}
}
@book{soal1954modern,
  title={Modern experiments in telepathy},
  author={Soal, S. G. and Bateman, F. },
  url={http://hdl.handle.net/2027/mdp.39015039379972},
  publisher={New Haven, Yale University Press},
  year={1954},
  type={Book},
  subjects={Telepathy},
  language={English},
  note={xv, 425 p },
  catalogue-url={http://trove.nla.gov.au/work/27649243}
}
@article{smith2000principle,
  title={The principle of uniform solution (of the Paradoxes of Self-Reference)},
  author={Smith, Nicholas JJ},
  journal={Mind},
  pages={117--122},
  year={2000},
  publisher={JSTOR}
}
@article{saka2001pascal,
  title={Pascal's Wager and the many Gods objection},
  author={Saka, Paul},
  journal={Religious Studies},
  volume={37},
  number={03},
  pages={321--341},
  year={2001},
  publisher={Cambridge Univ Press}
}
@article{hacking1972logic,
  title={The logic of Pascal's wager},
  author={Hacking, Ian},
  journal={American Philosophical Quarterly},
  volume={9},
  number={2},
  pages={186--192},
  year={1972},
  publisher={JSTOR}
}
@article{hajek2003waging,
  title={Waging war on Pascal's Wager},
  author={H{\'a}jek, Alan},
  journal={The Philosophical Review},
  volume={112},
  number={1},
  pages={27--56},
  year={2003},
  publisher={JSTOR}
}
@article{weirich1984st,
  title={The St. Petersburg gamble and risk},
  author={Weirich, Paul},
  journal={Theory and Decision},
  volume={17},
  number={2},
  pages={193--202},
  year={1984},
  publisher={Springer}
}
@book{jeffrey1990logic,
  title={The logic of decision},
  author={Jeffrey, Richard C},
  year={1990},
  publisher={University of Chicago Press}
}
@article{baumann2009counting,
  title={Counting on numbers},
  author={Baumann, Peter},
  journal={Analysis},
  pages={anp061},
  year={2009},
  publisher={Oxford University Press}
}
@article{oppy1991rescher,
  title={On Rescher on Pascal's Wager},
  author={Oppy, Graham},
  journal={International Journal for Philosophy of Religion},
  volume={30},
  number={3},
  pages={159--168},
  year={1991},
  publisher={Springer}
}
@article{priest1994structure,
  title={The structure of the paradoxes of self-reference},
  author={Priest, Graham},
  journal={Mind},
  volume={103},
  number={409},
  pages={25--34},
  year={1994},
  publisher={JSTOR}
}