@article{dietrich2013probabilistic,
  title={Probabilistic opinion pooling generalized Part two: The premise-based approach},
  author={Dietrich, Franz and List, Christian},
  year={2013}
}