@book{haybron2008pursuit,
  title={The pursuit of unhappiness: The elusive psychology of well-being},
  author={Haybron, Daniel M},
  year={2008},
  publisher={Oxford University Press on Demand}
}
@article{keller2009welfare,
  title={Welfare as success},
  author={Keller, Simon},
  journal={No{\^u}s},
  volume={43},
  number={4},
  pages={656--683},
  year={2009},
  publisher={Wiley Online Library}
}